@inproceedings{Rask21,
  author       = {Jonas Kj{\ae}r Rask and
                  Frederik Palludan Madsen and
                  Nick Battle and
                  Hugo Daniel Macedo and
                  Peter Gorm Larsen},
  editor       = {Jos{\'{e}} Proen{\c{c}}a and
                  Andrei Paskevich},
  title        = {The Specification Language Server Protocol: {A} Proposal for Standardised
                  {LSP} Extensions},
  booktitle    = {Proceedings of the 6th Workshop on Formal Integrated Development Environment,
                  F-IDE@NFM 2021, Held online, 24-25th May 2021},
  series       = {{EPTCS}},
  volume       = {338},
  pages        = {3--18},
  year         = {2021},
  url          = {https://doi.org/10.4204/EPTCS.338.3},
  doi          = {10.4204/EPTCS.338.3},
  timestamp    = {Mon, 03 Jan 2022 22:03:25 +0100},
  biburl       = {https://dblp.org/rec/journals/corr/abs-2108-02961.bib},
  bibsource    = {dblp computer science bibliography, https://dblp.org}
}

@inproceedings{Rodriguez-Echeverria18a,
    author = {Rodriguez-Echeverria, Roberto and Izquierdo, Javier Luis C\'{a}novas and Wimmer, Manuel and Cabot, Jordi},
    title = {Towards a Language Server Protocol Infrastructure for Graphical Modeling},
    year = {2018},
    isbn = {9781450349499},
    publisher = {Association for Computing Machinery},
    address = {New York, NY, USA},
    url = {https://doi.org/10.1145/3239372.3239383},
    doi = {10.1145/3239372.3239383},
    abstract = {},
    booktitle = {Proceedings of the 21th ACM/IEEE International Conference on Model Driven Engineering Languages and Systems},
    pages = {370â€“380},
    numpages = {11},
    keywords = {Modeling Editors, Language Server Protocol, Domain Specific Languages},
    location = {Copenhagen, Denmark},
    series = {MODELS '18}
}
