@inproceedings{Rask21,
  author       = {Jonas Kj{\ae}r Rask and
                  Frederik Palludan Madsen and
                  Nick Battle and
                  Hugo Daniel Macedo and
                  Peter Gorm Larsen},
  editor       = {Jos{\'{e}} Proen{\c{c}}a and
                  Andrei Paskevich},
  title        = {The Specification Language Server Protocol: {A} Proposal for Standardised
                  {LSP} Extensions},
  booktitle    = {Proceedings of the 6th Workshop on Formal Integrated Development Environment,
                  F-IDE@NFM 2021, Held online, 24-25th May 2021},
  series       = {{EPTCS}},
  volume       = {338},
  pages        = {3--18},
  year         = {2021},
  url          = {https://doi.org/10.4204/EPTCS.338.3},
  doi          = {10.4204/EPTCS.338.3},
  timestamp    = {Mon, 03 Jan 2022 22:03:25 +0100},
  biburl       = {https://dblp.org/rec/journals/corr/abs-2108-02961.bib},
  bibsource    = {dblp computer science bibliography, https://dblp.org}
}

@inproceedings{Rodriguez-Echeverria18a,
    author = {Rodriguez-Echeverria, Roberto and Izquierdo, Javier Luis C\'{a}novas and Wimmer, Manuel and Cabot, Jordi},
    title = {Towards a Language Server Protocol Infrastructure for Graphical Modeling},
    year = {2018},
    isbn = {9781450349499},
    publisher = {Association for Computing Machinery},
    address = {New York, NY, USA},
    url = {https://doi.org/10.1145/3239372.3239383},
    doi = {10.1145/3239372.3239383},
    abstract = {},
    booktitle = {Proceedings of the 21th ACM/IEEE International Conference on Model Driven Engineering Languages and Systems},
    pages = {370–380},
    numpages = {11},
    keywords = {Modeling Editors, Language Server Protocol, Domain Specific Languages},
    location = {Copenhagen, Denmark},
    series = {MODELS '18}
}

@article{Aurum02,
    author = {Aurum, Aybuke and Petersson, Håkan and Wohlin, Claes},
    title = {State-of-the-art: software inspections after 25 years},
    journal = {Software Testing, Verification and Reliability},
    volume = {12},
    number = {3},
    pages = {133-154},
    keywords = {software inspections, Fagan inspection method, survey, software reviews, reading techniques},
    doi = {https://doi.org/10.1002/stvr.243},
    url = {https://onlinelibrary.wiley.com/doi/abs/10.1002/stvr.243},
    eprint = {https://onlinelibrary.wiley.com/doi/pdf/10.1002/stvr.243},
    abstract = {},
    year = {2002}
}

@book{Ilyas16,
	title = {Static Code Analysis: A Systematic Literature Review and an Industrial Survey},
	url = {https://urn.kb.se/resolve?urn=urn:nbn:se:bth-12871},
	shorttitle = {Static Code Analysis},
	abstract = {},
	author = {Ilyas, Bilal and Elkhalifa, Islam},
	urldate = {2024-05-23},
	date = {2016},
}

@book{Pierce02,
  title={Types and programming languages},
  author={Pierce, Benjamin C},
  year={2002},
  publisher={MIT press}
}

@book{Martin84,
  title={Intuitionistic type theory},
  author={Martin-L{\"o}f, Per and Sambin, Giovanni},
  volume={9},
  year={1984},
  publisher={Bibliopolis Naples}
}

@article{Martin96,
  title={On the meanings of the logical constants and the justifications of the logical laws},
  author={Martin-L{\"o}f, Per},
  journal={Nordic journal of philosophical logic},
  volume={1},
  number={1},
  pages={11--60},
  year={1996}
}

@InCollection{sep-type-theory-intuitionistic,
	author       =	{Dybjer, Peter and Palmgren, Erik},
	title        =	{{Intuitionistic Type Theory}},
	booktitle    =	{The {Stanford} Encyclopedia of Philosophy},
	editor       =	{Edward N. Zalta and Uri Nodelman},
	howpublished =	{\url{https://plato.stanford.edu/archives/spr2023/entries/type-theory-intuitionistic/}},
	year         =	{2023},
	edition      =	{{S}pring 2023},
	publisher    =	{Metaphysics Research Lab, Stanford University}
}

@inproceedings{Bunder19a,
  title={Decoupling Language and Editor-The Impact of the Language Server Protocol on Textual Domain-Specific Languages.},
  author={B{\"u}nder, Hendrik},
  year={2019}
}

@online{tomassetti_complete_2017,
	title = {The complete guide to (external) Domain Specific Languages},
	url = {https://tomassetti.me/domain-specific-languages/},
	abstract = {This detailed guide described what are Domain Specific Languages, why to use them, which tools use to build them, present examples and a list of resources},
	titleaddon = {Strumenta},
	author = {Tomassetti, Federico},
	urldate = {2024-05-24},
	date = {2017-02-20},
	langid = {american},
}

@article{Inostroza21,
  title={The Rascal Approach to Code in Prose, Computed Properties, and Language Extension},
  author={Inostroza, Pablo and van der Storm, Tijs}
}

@book{Van07,
  title={Software product lines in action: the best industrial practice in product line engineering},
  author={Van der Linden, Frank J and Schmid, Klaus and Rommes, Eelco},
  year={2007},
  publisher={Springer Science \& Business Media}
}

@inproceedings{Van01,
  title={On the notion of variability in software product lines},
  author={Van Gurp, Jilles and Bosch, Jan and Svahnberg, Mikael},
  booktitle={Proceedings Working IEEE/IFIP Conference on Software Architecture},
  pages={45--54},
  year={2001},
  organization={IEEE}
}

@book{Sammet69,
  title={Programming languages: History and fundamentals},
  author={Sammet, Jean E},
  year={1969},
  publisher={Prentice-Hall, Inc.}
}

@incollection{Ross78,
  title={Origins of the APT language for automatically programmed tools},
  author={Ross, Douglas T},
  booktitle={History of Programming Languages},
  pages={279--338},
  year={1978}
}

@book{Bergin96,
  title={History of programming languages II},
  author={Bergin, Thomas J and Gibson, Richard G},
  year={1996},
  publisher={Acm Press New York}
}

@book{Nardi93,
  title={A small matter of programming: perspectives on end user computing},
  author={Nardi, Bonnie A},
  year={1993},
  publisher={MIT press}
}

@book{Martin85,
  title={Fourth-generation languages. Volume I: principles},
  author={Martin, James},
  year={1985},
  publisher={Prentice-Hall, Inc.}
}

@article{Codd70,
  title={A relational model of data for large shared data banks},
  author={Codd, Edgar F},
  journal={Communications of the ACM},
  volume={13},
  number={6},
  pages={377--387},
  year={1970},
  publisher={ACM New York, NY, USA}
}

@article{Favalli23,
  title={THE DIMENSIONS OF VARIABILITY MODELING OR, ON THE DESIGN OF SOFTWARE AND LANGUAGE PRODUCT LINES},
  author={ and others},
  year={2023},
  publisher={Universit{\`a} degli Studi di Milano}
}

@inproceedings{Graham79,
  title={Practical LR error recovery},
  author={Graham, Susan L and Haley, Charles B and Joy, William N},
  booktitle={Proceedings of the 1979 SIGPLAN symposium on Compiler construction},
  pages={168--175},
  year={1979}
}


@inproceedings{Cook89,
author = {Cook, William R. and Hill, Walter and Canning, Peter S.},
title = {Inheritance is not subtyping},
year = {1989},
isbn = {0897913434},
publisher = {Association for Computing Machinery},
address = {New York, NY, USA},
url = {https://doi.org/10.1145/96709.96721},
doi = {10.1145/96709.96721},
abstract = {},
booktitle = {Proceedings of the 17th ACM SIGPLAN-SIGACT Symposium on Principles of Programming Languages},
pages = {125–135},
numpages = {11},
location = {San Francisco, California, USA},
series = {POPL '90}
}

@inproceedings{Cardelli88,
  title={Structural subtyping and the notion of power type},
  author={Cardelli, Luca},
  booktitle={Proceedings of the 15th ACM SIGPLAN-SIGACT symposium on Principles of programming languages},
  pages={70--79},
  year={1988}
}

@book{Gunasinghe22,
  abstract  = {},
  author    = {Gunasinghe, Nadeeshaan and Marcus, Nipuna},
  address   = {Berkeley, Calif},
  booktitle = {Language server protocol and implementation : supporting language-smart editing and programming tools},
  isbn      = {1-4842-7792-9},
  keywords  = {Computer programming},
  language  = {eng},
  publisher = {Apress},
  title     = {Language server protocol and implementation : supporting language-smart editing and programming tools },
  year      = {2022},
}

@inproceedings{Niephaus20,
  author    = {Niephaus, Fabio and Rein, Patrick and Edding, Jakob and Hering, Jonas and K\"{o}nig, Bastian and Opahle, Kolya and Scordialo, Nico and Hirschfeld, Robert},
  title     = {Example-based live programming for everyone: building language-agnostic tools for live programming with LSP and GraalVM},
  year      = {2020},
  isbn      = {9781450381789},
  publisher = {Association for Computing Machinery},
  address   = {New York, NY, USA},
  url       = {https://doi.org/10.1145/3426428.3426919},
  doi       = {10.1145/3426428.3426919},
  abstract  = {},
  booktitle = {Proceedings of the 2020 ACM SIGPLAN International Symposium on New Ideas, New Paradigms, and Reflections on Programming and Software},
  pages     = {1–17},
  numpages  = {17},
  keywords  = {Exploratory Programming, GraalVM, Language Server Protocol, Live Programming, Truffle, Visual Studio Code},
  location  = {Virtual, USA},
  series    = {Onward! 2020}
}
@article{Hindley69,
  title={The principal type-scheme of an object in combinatory logic},
  author={Hindley, Roger and others},
  journal={Transactions of the american mathematical society},
  volume={146},
  pages={29--60},
  year={1969},
  publisher={American Mathematical Society}
}

@article{Milner78,
  title={A theory of type polymorphism in programming},
  author={Milner, Robin},
  journal={Journal of computer and system sciences},
  volume={17},
  number={3},
  pages={348--375},
  year={1978},
  publisher={Elsevier}
}

@misc{javacompilationunits,
    title ={Packages and Compilation Units},
    author={O'Reilly},
    howpublished ="\url{https://www.oreilly.com/library/view/learning-java/1565927184/ch06s03.html}",
    note = "[Online; accessed 11-Apr-2023]"
}

